<?xml version="1.0" encoding="UTF-8"?><collection xmlns="http://www.loc.gov/MARC21/slim"><record><leader>00419nam--2200133-i-4500</leader><controlfield tag="001">000013735</controlfield><controlfield tag="002">20161230</controlfield><controlfield tag="005">20161230201030</controlfield><controlfield tag="008">060222s1000------------r-----000-0-eng-d</controlfield><datafield ind1=" " ind2=" " tag="080"><subfield code="a">574:621.039.83(047.3)</subfield></datafield><datafield ind1=" " ind2=" " tag="100"><subfield code="a">Brenhard,M., Brunschi, A.And Moller, F</subfield></datafield><datafield ind1=" " ind2=" " tag="245"><subfield code="a">Use of compartmental models in radio ecologica l laboratory studies</subfield></datafield><datafield ind1=" " ind2=" " tag="260"><subfield code="a">Roma, Comitato Nazionale Energia Nuclea 1975. 241-289p</subfield></datafield><datafield ind1=" " ind2=" " tag="852"><subfield code="a">17330</subfield></datafield></record></collection>